<?xml version="1.0" encoding="UTF-8"?><collection xmlns="http://www.loc.gov/MARC21/slim"><record><leader>00439nam--2200145-i-4500</leader><controlfield tag="001">000010570</controlfield><controlfield tag="002">20161230</controlfield><controlfield tag="005">20161230201028</controlfield><controlfield tag="008">060222s1000------------r-----000-0-eng-d</controlfield><datafield ind1=" " ind2=" " tag="080"><subfield code="a">015:539.125.523:621.039.51</subfield></datafield><datafield ind1=" " ind2=" " tag="100"><subfield code="a">Berna, Philippe</subfield></datafield><datafield ind1=" " ind2=" " tag="245"><subfield code="a">Formulation coherente de la theorie heterogene en approximation dipolaire. these</subfield></datafield><datafield ind1=" " ind2=" " tag="260"><subfield code="a">Orsay, Faculte Des Sciences, 1971 202 P. + P.Dif</subfield></datafield><datafield ind1=" " ind2=" " tag="490"><subfield code="a">Orsay, Serie A</subfield></datafield><datafield ind1=" " ind2=" " tag="852"><subfield code="a">38242</subfield></datafield></record></collection>